%% This BibTeX bibliography file was created using BibDesk.
%% http://bibdesk.sourceforge.net/

%% Created for Nathaniel Waterman at 2018-03-10 13:56:15 -0500 


%% Saved with string encoding Unicode (UTF-8) 



@webpage{automator,
	Date-Added = {2018-03-10 18:56:00 +0000},
	Date-Modified = {2018-03-10 18:56:10 +0000},
	Read = {1},
	Title = {Welcome to Automator},
	Url = {https://support.apple.com/guide/automator/welcome/mac}}

@webpage{cron,
	Date-Added = {2018-03-10 18:41:44 +0000},
	Date-Modified = {2018-03-10 18:41:52 +0000},
	Read = {1},
	Title = {What are cron and crontab, and how do I use them?},
	Url = {https://kb.iu.edu/d/afiz},
	Bdsk-Url-1 = {https://kb.iu.edu/d/afiz}}

@webpage{jq,
	Date-Added = {2018-03-10 18:21:12 +0000},
	Date-Modified = {2018-03-10 18:21:41 +0000},
	Read = {1},
	Title = {jq},
	Url = {https://stedolan.github.io/jq/},
	Bdsk-Url-1 = {https://stedolan.github.io/jq/}}

@webpage{rest,
	Date-Added = {2018-03-08 16:16:07 +0000},
	Date-Modified = {2018-03-08 16:16:39 +0000},
	Read = {1},
	Title = {Relationship to the World Wide Web and REST Architectures},
	Url = {https://www.w3.org/TR/2004/NOTE-ws-arch-20040211/#relwwwrest},
	Bdsk-Url-1 = {https://www.w3.org/TR/2004/NOTE-ws-arch-20040211/#relwwwrest}}

@webpage{getassgns,
	Date-Added = {2018-03-08 15:42:47 +0000},
	Date-Modified = {2018-03-08 15:43:21 +0000},
	Read = {1},
	Title = {c47s/getassgns},
	Url = {https://github.com/c47s/getassgns/},
	Bdsk-Url-1 = {https://github.com/c47s/getassgns/}}

@webpage{scgy-promo,
	Date-Added = {2018-03-08 15:32:57 +0000},
	Date-Modified = {2018-03-08 15:34:19 +0000},
	Read = {1},
	Title = {Schoology},
	Url = {https://www.schoology.com/},
	Bdsk-Url-1 = {https://www.schoology.com/}}

@webpage{api-docs,
	Date-Added = {2018-03-03 18:30:49 +0000},
	Date-Modified = {2018-03-03 18:31:19 +0000},
	Read = {1},
	Title = {Schoology API Documentation},
	Url = {https://developers.schoology.com/api-documentation/design-architecture},
	Bdsk-Url-1 = {https://developers.schoology.com/api-documentation/design-architecture}}
